@misc{LindholmYBB11,
  title        = {{The Java Virtual Machine Specification -- Java SE 7 Edition}},
  author       = {Lindholm, Tim and Yellin, Frank and Bracha, Gilad and Buckley, Alex},
  howpublished = {},
  month        = {July},
  year         = {2011},
  note         = {http://docs.oracle.com/javase/specs/jvms/se7/jvms7.pdf}
}