@article{Gib:75,
  author    = {Norman E. Gibbs},
  title     = {Generation of All the Cycles of a Graph from a Set of Basic
               Cycles {[H]} ({Algorithm} 492)},
  journal   = {Communications of the ACM},
  volume    = {18},
  number    = {6},
  year      = {1975},
  pages     = {310}
}

@inproceedings{MB:08,
  author    = {de Moura, Leonardo Mendon\c{c}a and Bj{\o}rner, Nikolaj},
  title     = {{Z3}: An Efficient {SMT} Solver},
  booktitle = {Tools and Algorithms for the Construction and Analysis of Systems (TACAS)},
  year      = {2008},
  pages     = {337--340}
}

@inproceedings{Kar:72,
  author    = {Richard M. Karp},
  title     = {Reducibility Among Combinatorial Problems},
  booktitle = {Complexity of Computer Computations},
  year      = {1972},
  pages     = {85--103}
}

@inproceedings{TS:05,
  author    = {Nikolai Tillmann and
               Wolfram Schulte},
  title     = {Parameterized unit tests},
  booktitle = {European Software Engineering Conference (ESEC)},
  year      = {2005},
  pages     = {253--262}
}

@article{CAC+:81,
  author    = {Gregory J. Chaitin and
               Marc A. Auslander and
               Ashok K. Chandra and
               John Cocke and
               Martin E. Hopkins and
               Peter W. Markstein},
  title     = {Register Allocation Via Coloring},
  journal   = {Computer Languages},
  volume    = {6},
  number    = {1},
  year      = {1981},
  pages     = {47--57}
}

@article{Meyer:88,
  author    = {Bertrand Meyer},
  title     = {Eiffel: A language and environment for software engineering},
  journal   = {Journal of Systems and Software},
  volume    = {8},
  number    = {3},
  year      = {1988},
  pages     = {199--246}
}
